@standard{ISO11145-2018,
  title        = {Optics and photonics — Lasers and laser-related equipment — Vocabulary and symbols},
  number       = {ISO 11145:2018},
  organization = {International Organization for Standardization},
  year         = {2018},
  url          = {https://www.iso.org/standard/72944.html},
  urldate      = {2025-08-27}
}

@standard{ISO9013-2017,
  title        = {Thermal cutting — Classification of thermal cuts — Geometrical product specification and quality tolerances},
  number       = {ISO 9013:2017},
  organization = {International Organization for Standardization},
  year         = {2017},
  url          = {https://www.iso.org/standard/60321.html},
  urldate      = {2025-08-27}
}

@manual{MitutoyoQuickGuide,
  title        = {Quick Guide to Surface Roughness Measurement},
  organization = {Mitutoyo Corporation},
  year         = {2016},
  url          = {https://www.mitutoyo.com/webfoo/wp-content/uploads/1984_Surf_Roughness_PG.pdf},
  urldate      = {2025-08-28},
  note         = {Enthält Formeln und Definitionen zu Ra und Rz}
}

@online{KeyenceISO4287,
  title        = {Surface Roughness Parameters — ISO 4287 overview},
  organization = {KEYENCE},
  url          = {https://www.keyence.com/ss/products/microscope/roughness/line/parameters.jsp},
  urldate      = {2025-08-28},
  note         = {Erklärt Ra und Rz, Sampling Length \(X_s\) und Auswertelänge}
}

